@Preamble{ " \newcommand{\noop}[1]{} " }

@article{ws95optimization,
  title   = {Combinatorial optimization problems for which almost every algorithm
    is asymptotically optimal},
  author  = {W. Szpankowski},
  journal = {Optimization},
  volume  = {33},
  pages   = {359--368},
  year    = {1995}
}

@book{talagrand03,
  title     = {Spin Glasses: A Challenge for Mathematicians: Cavity and Mean Field Models},
  author    = {Talagrand, M.},
  year      = {2003},
  publisher = {Springer Verlag}
}

@book{catoni,
  title     = {Statistical Learning Theory and Stochastic Optimization},
  author    = {Catoni, O.},
  year      = {2004},
  series    = {Lecture Notes In Computer Science},
  volume    = {1851},
  publisher = {Springer Verlag}
}

@book{feller,
  title     = {An Introduction to Probability Theory and Its Applications},
  author    = {W. Feller},
  volume    = {2},
  publisher = {Wiley},
  year      = {1971},
  address   = {NY},
  edition   = {2nd}
}

@article{mezard84tsp,
  author  = {Vannimenus, J. and  M\'ezard, M.},
  title   = {On the statistical mechanics of optimization problems of the travelling salesman type},
  year    = {1984},
  journal = {Phys. Rev. Lett.},
  volume  = {35},
  pages   = {1792--1796}
}

@article{sk75spinb,
  author  = {Sherrington, D. and Kirkpatrick, S},
  title   = {Solvable model of a spin glass},
  year    = {1975},
  journal = {J. Physique Lett.},
  volume  = {45},
  pages   = {1145--1153}
}

@article{sk75spin,
  author  = {{Sherrington}, D. and {Kirkpatrick}, S.},
  title   = {{Solvable Model of a Spin-Glass}},
  journal = {Physical Review Letters},
  year    = {1975},
  volume  = {35},
  pages   = {1792--1796}
}


@article{martin2001statphys,
  title   = {Statistical mechanics methods and phase transitions in optimization problems},
  journal = {Theoretical Computer Science},
  volume  = {265},
  number  = {1--2},
  pages   = {3--67},
  year    = {2001},
  author  = {O. Martin and R. Monasson and R. Zecchina}
}

@article{huber2012norm,
  title   = {Approximation algorithms for the normalizing constant of Gibbs distributions},
  author  = {Huber, M. L.},
  journal = {arXiv preprint arXiv:1206.2689},
  year    = {2012}
}


@article{SK:CG:MV:Science1983,
  title   = {Optimization by Simulated Annealing},
  author  = {S. Kirkpatrick and C. D. Gelatt and M. P. Vecchi},
  journal = {Science},
  volume  = {220},
  pages   = {671-680},
  year    = {1983}
}


@inproceedings{aofa2014,
  author    = {J. M. Buhmann and A. Gronskiy and W. Szpankowski},
  title     = {Free Energy Rates for a Class of Very Noisy Optimization Problems},
  booktitle = {Analysis of Algorithms (AofA)},
  year      = {2014},
  address   = {France},
  pages     = {67--78}
}

%%% JB references
@article{Jaynes57a,
  author  = {E. T. Jaynes},
  journal = {Physical Review},
  volume  = {106},
  pages   = {620--630},
  title   = {Information Theory and Statistical Mechanics},
  year    = {1957}
}

@article{Jaynes57b,
  author  = {E. T. Jaynes},
  journal = {Physical Review},
  volume  = {108},
  pages   = {171--190},
  title   = {Information Theory and Statistical Mechanics {II}},
  year    = {1957}
}

@article{Jaynes82,
  author  = {E. T. Jaynes},
  journal = {Proceedings of the IEEE},
  pages   = {939--952},
  title   = {On The Rationale of Maximum-Entropy Methods},
  volume  = {70},
  year    = {1982}
}

@book{Jaynes95PLoS,
  author    = {E. T. Jaynes},
  title     = {Probability Theory: The Logic of Science},
  publisher = {Cambridge University Press},
  year      = {1995},
  address   = {Cambridge, UK},
  isbn      = {0-521-59271-2}
}

@book{Kruskal78,
  author    = {J. B. Kruskal and M. Wish},
  title     = {Multidimensional Scaling},
  publisher = {Sage Publications},
  year      = {1978},
  address   = {Beverly Hills, London}
}
@book{Mezard87,
  author    = {M. Mezard and G. Parisi and M. A. Virasoro},
  title     = {Spin Glass Theory and Beyond},
  publisher = {World Scientific},
  year      = 1987,
  address   = {Singapore}
}


@article{Merhav:09,
  author  = {N. Merhav},
  title   = {Statistical Physics and Information Theory},
  journal = {Foundations and Trends in
Communications and Information Theory},
  volume  = {6},
  number  = {1-2},
  year    = {2009},
  pages   = {1-212},
  doi     = {10.1561/0100000052}
}

@book{Vapnik98,
  author    = {V. N. Vapnik},
  title     = {Statistical learning theory},
  publisher = {Wiley},
  address   = {New York},
  year      = {1998}
}

@article{Vapnik71,
  author  = {V. N. Vapnik and A. Ya. Chervonenkis},
  title   = {On the uniform convergence  of relative frequencies
        of events to their probabilities},
  pages   = {264-280},
  journal = {Theory of Probability and its Applications},
  volume  = 16,
  year    = 1971
}

@inproceedings{JB:ISIT:2010,
  author    = {J. M. Buhmann},
  title     = {Information theoretic model validation for clustering},
  booktitle = {International Symposium on Information Theory (ISIT)},
  address   = {Austin, TX, USA},
  year      = {2010},
  pages     = {1398--1402}
}

@book{MM:AM:IPC2009,
  author    = {M. M\'ezard and A. Montanari},
  title     = {Information, Physics, and Computation},
  publisher = {Oxford University Press},
  year      = {2009}
}

@article{lawler1963quadratic,
  title     = {The quadratic assignment problem},
  author    = {Lawler, E. L.},
  journal   = {Management science},
  volume    = {9},
  number    = {4},
  pages     = {586--599},
  year      = {1963},
  publisher = {INFORMS}
}

@book{dembo2009large,
  title     = {Large deviations techniques and applications},
  author    = {Dembo, A. and Zeitouni, O.},
  volume    = {38},
  year      = {2009},
  publisher = {Springer Science \& Business Media}
}

@article{savage1962mills,
  title   = {Mills' ratio for multivariate normal distributions},
  author  = {Savage, I. R.},
  journal = {J. Res. Nat. Bur. Standards Sect. B},
  volume  = {66},
  pages   = {93--96},
  year    = {1962}
}

@article{magner2015protein,
  title   = {A Study of the {B}oltzmann Sequence-Structure Channel},
  journal = {Technical report},
  author  = {A. Magner and D. Kihara and W. Szpankowski},
  url     = {https://www.cs.purdue.edu/homes/spa/papers/boltzmann15.pdf},
  year    = {2015}
}

@inproceedings{magner2016isit,
  author    = {Abram Magner and
               Daisuke Kihara and
               Wojciech Szpankowski},
  title     = {The Boltzmann sequence-structure channel},
  booktitle = {{IEEE} International Symposium on Information Theory, {ISIT} 2016,
               Barcelona, Spain, July 10-15, 2016},
  pages     = {255--259},
  year      = {2016}
}

@inproceedings{morteza12,
  author    = {M.~H.~Chehreghani and A.-G. Busetto and
             J. M. Buhmann},
  title     = {Information Theoretic Model Validation for Spectral Clustering},
  booktitle = {International Conference on Artificial Intelligence and Statistics (AISTATS)},
  journal   = {Journal of Machine Learning Research (W&CP)},
  volume    = {22},
  pages     = {495-503},
  year      = {2012}
}


@inbook{busse2013,
  author    = {Busse, L. and Chehreghani, M. and Buhmann, J. M.},
  chapter   = {Approximate Sorting},
  title     = {German Conference on Pattern Recognition},
  year      = {2013},
  publisher = {Springer Berlin Heidelberg},
  address   = {Berlin, Heidelberg},
  pages     = {142--152}
}

@article{LUCZAK1994,
  title   = {Phase transition phenomena in random discrete structures},
  journal = {Discrete Mathematics},
  volume  = {136},
  number  = {1},
  pages   = {225 - 242},
  year    = {1994},
  author  = {T. {\L}uczak}
}

@article{PATREC98-mds,
  author  = {H. Klock and J. M. Buhmann},
  title   = {Data Visualization by Multidimensional Scaling: A
      Deterministic Annealing Approach},
  journal = {Pattern Recognition},
  year    = {2000},
  issue   = {4},
  volume  = {33},
  pages   = {651-669},
  note    = {}
}

@article{derrida81,
  title   = {Random-energy model: An exactly solvable model of disordered systems},
  author  = {Derrida, B.},
  journal = {Phys. Rev. B},
  volume  = {24},
  issue   = {5},
  pages   = {2613--2626},
  year    = {1981}
}


@article{derrida86,
  author  = {B. Derrida and E. Gardner},
  journal = {Journal of Physics C: Solid State Physics},
  pages   = {2253--2274},
  number  = {13},
  title   = {Solution of the generalised random energy model},
  volume  = {19},
  year    = {1986}
}

@article{moor85qap,
  author  = {J. B. G. Frenk and M. van Houweninge and A. H. G. Rinnooy Kan},
  title   = {Asymptotic Properties of the Quadratic Assignment Problem},
  journal = {Mathematics of Operations Research},
  volume  = {10},
  number  = {1},
  pages   = {100-116},
  year    = {1985}
}

@article{Mezard2003Cavity,
  author  = {M{\'e}zard, Marc
and Parisi, Giorgio},
  title   = {The Cavity Method at Zero Temperature},
  journal = {Journal of Statistical Physics},
  year    = {2003},
  volume  = {111},
  number  = {1},
  pages   = {1--34}
}

@article{Parisi2009replica,
  author  = {Parisi, Giorgio},
  title   = {The Mean Field Theory of Spin Glasses: The Heuristic Replica Approach and Recent Rigorous Results},
  journal = {Letters in Mathematical Physics},
  year    = {2009},
  volume  = {88},
  number  = {1},
  pages   = {255--269}
}

@article{Bovier2002FreeEnergyFluct,
  author    = {Anton Bovier and Irina Kurkova and Matthias L{\"o}we},
  journal   = {The Annals of Probability},
  number    = {2},
  pages     = {605-651},
  publisher = {Institute of Mathematical Statistics},
  title     = {Fluctuations of the Free Energy in the REM and the p-Spin SK Models},
  volume    = {30},
  year      = {2002}
}

@article{Aizenman1987,
  author  = {Aizenman, M. and Lebowitz, J. L. and Ruelle, D.},
  journal = {Communications in Mathematical Physics},
  number  = {1},
  pages   = {3--20},
  title   = {{Some rigorous results on the Sherrington-Kirkpatrick spin glass model}},
  volume  = {112},
  year    = {1987}
}

@article{Auffinger2014,
  author  = {Auffinger, Antonio and Chen, Wei-Kuo},
  title   = {Free Energy and Complexity of Spherical Bipartite Models},
  journal = {Journal of Statistical Physics},
  year    = {2014},
  volume  = {157},
  number  = {1},
  pages   = {40--59}
}


@article{Beckman1957,
  author  = {Beckman, M. and Koopmans, T.~C.},
  journal = {Econometrica},
  pages   = {53-76},
  title   = {Assignment problems and the location of economic activities},
  volume  = 25,
  year    = 1957
}

@article{COHEN88,
  title   = {Threshold phenomena in random structures},
  journal = {Discrete Applied Mathematics},
  volume  = {19},
  number  = {1},
  pages   = {113-128},
  year    = {1988},
  author  = {Joel E. Cohen}
}

@article{Aron:2004,
  author    = {Ionut D. Aron and
               Pascal Van Hentenryck},
  title     = {On the complexity of the robust spanning tree problem with interval
               data},
  journal   = {Oper. Res. Lett.},
  volume    = {32},
  number    = {1},
  pages     = {36--40},
  year      = {2004},
  url       = {https://doi.org/10.1016/S0167-6377(03)00058-0},
  doi       = {10.1016/S0167-6377(03)00058-0},
  timestamp = {Sat, 27 May 2017 14:23:42 +0200},
  biburl    = {http://dblp.org/rec/bib/journals/orl/AronH04},
  bibsource = {dblp computer science bibliography, http://dblp.org}
}

@book{Bertsekas:1987,
  author    = {Dimitri P. Bertsekas and
               Robert G. Gallager},
  title     = {Data Networks, Second Edition},
  publisher = {Prentice Hall},
  year      = {1992},
  isbn      = {978-0-13-201674-2},
  timestamp = {Tue, 03 Sep 2013 15:38:42 +0200},
  biburl    = {http://dblp.org/rec/bib/books/daglib/0067168},
  bibsource = {dblp computer science bibliography, http://dblp.org}
}

@proceedings{Buhmann:2011,
  author    = {Buhmann, Joachim M.},
  editor    = {Jos{\'{e}} Francisco Mart{\'{\i}}nez Trinidad and
               Jes{\'{u}}s Ariel Carrasco{-}Ochoa and
               Cherif Ben{-}Youssef Brants and
               Edwin Robert Hancock},
  title     = {Pattern Recognition - Third Mexican Conference, {MCPR} 2011, Cancun,
               Mexico, June 29 - July 2, 2011. Proceedings},
  series    = {Lecture Notes in Computer Science},
  volume    = {6718},
  publisher = {Springer},
  year      = {2011}
}

@inproceedings{ITCS13,
  author    = {Joachim M. Buhmann and
               Mat{\'{u}}s Mihal{\'{a}}k and
               Rastislav Sr{\'{a}}mek and
               Peter Widmayer},
  title     = {Robust optimization in the presence of uncertainty},
  booktitle = {Innovations in Theoretical Computer Science, {ITCS} '13, Berkeley,
               CA, USA, January 9-12, 2013},
  pages     = {505--514},
  year      = {2013},
  crossref  = {DBLP:conf/innovations/2013},
  url       = {http://doi.acm.org/10.1145/2422436.2422491},
  doi       = {10.1145/2422436.2422491},
  timestamp = {Mon, 18 Feb 2013 07:58:44 +0100},
  biburl    = {http://dblp.org/rec/bib/conf/innovations/BuhmannMSW13},
  bibsource = {dblp computer science bibliography, http://dblp.org}
}


@inproceedings{Busse:Chehreghani:Buhmann:2012,
  author    = {Ludwig M. Busse and
               Morteza Haghir Chehreghani and
               Joachim M. Buhmann},
  title     = {The information content in sorting algorithms},
  booktitle = {Proceedings of the 2012 {IEEE} International Symposium on Information
               Theory, {ISIT} 2012, Cambridge, MA, USA, July 1-6, 2012},
  pages     = {2746--2750},
  year      = {2012},
  crossref  = {DBLP:conf/isit/2012},
  url       = {https://doi.org/10.1109/ISIT.2012.6284021},
  doi       = {10.1109/ISIT.2012.6284021},
  timestamp = {Wed, 24 May 2017 08:29:41 +0200},
  biburl    = {http://dblp.org/rec/bib/conf/isit/BusseCB12},
  bibsource = {dblp computer science bibliography, http://dblp.org}
}


@book{Cover:2006,
  author    = {T.M. Cover and J.A. Thomas},
  title     = {{Elements of Information Theory}},
  publisher = {John Wiley and Sons},
  year      = 2006
}

@book{Harris:2008,
  title     = {Combinatorics and Graph Theory},
  author    = {Harris, J. and Hirst, J.L. and Mossinghoff, M.},
  isbn      = {9780387797106},
  lccn      = {2008934034},
  series    = {Undergraduate Texts in Mathematics},
  url       = {https://books.google.ch/books?id=CxSoZcNymacC},
  year      = {2008},
  publisher = {Springer New York}
}

@article{Kozina:1994,
  author  = {G. L. Kozina and V. A. Perepelitsa},
  title   = {Interval Spanning Trees Problem:
                  Solvability and Computational Complexity},
  journal = {Interval Computations},
  number  = {1},
  pages   = {42--50},
  year    = {1994}
}

@article{Sandoval:2012,
  author  = {{Sandoval}, L.},
  title   = {{Pruning a minimum spanning tree}},
  journal = {Physica A Statistical Mechanics and its Applications},
  year    = 2012,
  month   = apr,
  volume  = 391,
  pages   = {2678-2711}
}

@article{Merhav:2010,
  author  = {Neri Merhav},
  title   = {Statistical Physics and Information Theory},
  journal = {Foundations and Trends in Communications and Information Theory},
  volume  = {6},
  number  = {1-2},
  pages   = {1--212},
  year    = {2010}
}

@phdthesis{Sramek:PhD,
  author = {Rastislav \v{S}r\'amek},
  title  = {Uncertain Optimization Using Approximation Sets. An Algorithmic Prospective },
  school = {ETH Z\"{u}rich},
  year   = 2013,
  note   = {(Diss. No. 21432)}
}

@phdthesis{Busetto:PhD,
  author = {Alberto Giovanni Busetto},
  title  = {Information Theoretic Modeling of Dynamical Systems: Estimation and Experimental Design},
  school = {ETH Z\"{u}rich},
  year   = 2012,
  note   = {(Diss. No. 20918)}
}

@phdthesis{Proeger:PhD,
  author = {Tobias Pr\"{o}ger},
  title  = {Robust Routing in Urban Public Transportation Networks},
  school = {ETH Z\"{u}rich},
  year   = 2016,
  note   = {(Diss. No. 23513)}
}

@inproceedings{Tishby:1999,
  author    = {Naftali Tishby and Fernando C. Pereira and William Bialek},
  title     = {The Information Bottleneck Method},
  booktitle = {Proc. 37$^{\text{th}}$ Allerton Conf. on Communication and Computation},
  year      = {1999},
  pages     = {368--377}
}

@book{Vapnik:1982,
  author    = {Vapnik, Vladimir},
  title     = {Estimation of Dependences Based on Empirical Data},
  year      = {1982},
  publisher = {Springer}
}

@article{Yaman:Karasan:Pinar:2001,
  author  = {E Yaman and Oya Ekin Karasan and Mustafa C. P Nar},
  title   = {The robust spanning tree problem with interval data},
  journal = {Operations Research Letters},
  year    = {2001},
  volume  = {29},
  pages   = {2001}
}

@book{spa-book,
  author    = {Szpankowski, Wojciech},
  title     = {Average Case Analysis of Algorithms on Sequences},
  year      = {2001},
  isbn      = {047124063X},
  publisher = {John Wiley \& Sons, Inc.},
  address   = {New York, NY, USA}
}

%% From JCSS submission

@inproceedings{conf/innovations/BuhmannMSW13,
  author    = {Joachim M. Buhmann and
               Mat{\'{u}}s Mihal{\'{a}}k and
               Rastislav Sr{\'{a}}mek and
               Peter Widmayer},
  title     = {Robust optimization in the presence of uncertainty},
  booktitle = {Innovations in Theoretical Computer Science, {ITCS} '13,
               Berkeley, CA, USA, January 9-12, 2013},
  pages     = {505--514},
  year      = {2013}
}

@inproceedings{conf/mcpr2/Buhmann11,
  author    = {Joachim M. Buhmann},
  title     = {Context Sensitive Information: Model Validation by Information Theory},
  booktitle = {Pattern Recognition - Third Mexican Conference, {MCPR} 2011, Cancun,
               Mexico, June 29 - July 2, 2011. Proceedings},
  pages     = {12--21},
  year      = {2011}
}

@inproceedings{conf/isit/Buhmann10,
  author    = {Joachim M. Buhmann},
  title     = {Information theoretic model validation for clustering},
  booktitle = {{IEEE} International Symposium on Information Theory, {ISIT} 2010,
               June 13-18, 2010, Austin, Texas, USA, Proceedings},
  pages     = {1398--1402},
  year      = {2010}
}

@book{Schneider07,
  author    = {Schneider, J.J. and Kirkpatrick, S.},
  title     = {Stochastic Optimization},
  publisher = {Springer},
  year      = {2007},
  isbn      = {9783540345602}
}

@book{KallM05,
  author    = {Peter Kall and J\'{a}nos Mayer},
  title     = {Stochastic Linear Programming: Models, Theory, and Computation},
  publisher = {Springer Verlag},
  year      = {2005},
  isbn      = {978-0387233857}
}

@book{BenTalEGN09,
  author    = {Aharon Ben-Tal and Laurent El Ghaoui and Arkadi Nemirovski},
  title     = {Robust Optimization},
  publisher = {Princeton University Press},
  year      = {2009},
  series    = {Princeton Series in Applied Mathematics}
}

@incollection{series/lncs/LiebchenLMS09,
  author    = {Christian Liebchen and
               Marco E. L{\"{u}}bbecke and
               Rolf H. M{\"{o}}hring and
               Sebastian Stiller},
  title     = {The Concept of Recoverable Robustness, Linear Programming Recovery, and Railway Applications},
  booktitle = {Robust and Online Large-Scale Optimization: Models and Techniques for Transportation Systems},
  pages     = {1--27},
  year      = {2009},
  crossref  = {series/lncs/5868}
}

@book{series/lncs/5868,
  editor    = {Ravindra K. Ahuja and
               Rolf H. M{\"{o}}hring and
               Christos D. Zaroliagis},
  title     = {Robust and Online Large-Scale Optimization: Models and Techniques for Transportation Systems},
  series    = {Lecture Notes in Computer Science},
  volume    = {5868},
  publisher = {Springer},
  year      = {2009},
  isbn      = {978-3-642-05464-8}
}

@inproceedings{conf/sofsem/MihalakSSW11,
  author    = {Mat{\'u}\v{s} Mihal{\'a}k and Marcel Sch{\"o}ngens and Rastislav
  \v{S}r{\'a}mek and Peter Widmayer},
  title     = {On the Complexity of the Metric {TSP} under Stability Considerations},
  booktitle = {SOFSEM},
  year      = {2011},
  pages     = {382-393}
}

@inproceedings{conf/sirocco/BiloGGPW09,
  author    = {Davide Bil{\`o} and Michael Gatto and Luciano Gual{\`a} and Guido Proietti and Peter Widmayer},
  title     = {Stability of Networks in Stretchable Graphs},
  booktitle = {SIROCCO},
  year      = {2009},
  pages     = {100-112}
}

@article{journals/scheduling/GattoW11,
  author  = {Michael Gatto and Peter Widmayer},
  title   = {On robust online scheduling algorithms},
  journal = {J. Scheduling},
  year    = {2011},
  volume  = {14},
  number  = {2},
  pages   = {141-156}
}

@book{BenHaim06,
  author    = {Yakov Ben-Haim},
  title     = {Info-gap decision theory: decisions under severe uncertainty},
  publisher = {Academic},
  year      = {2006},
  isbn      = {9780123735522}
}

@article{journals/cpc/BiluL12,
  author  = {Yonatan Bilu and
               Nathan Linial},
  title   = {Are Stable Instances Easy?},
  journal = {Combinatorics, Probability {\&} Computing},
  volume  = {21},
  number  = {5},
  pages   = {643--660},
  year    = {2012}
}

@article{journals/cacm/Bentley84g,
  author  = {Jon Louis Bentley},
  title   = {Algorithm Design Techniques},
  journal = {Commun. {ACM}},
  volume  = {27},
  number  = {9},
  pages   = {865--871},
  year    = {1984}
}

@article{journals/cj/BaeT06,
  author  = {Sung Eun Bae and
               Tadao Takaoka},
  title   = {Improved Algorithms for the \emph{K}-Maximum Subarray Problem},
  journal = {Comput. J.},
  volume  = {49},
  number  = {3},
  pages   = {358--374},
  year    = {2006}
}

@article{journals/algorithmica/BengtssonC06,
  author  = {Fredrik Bengtsson and Jingsen Chen},
  title   = {Efficient Algorithms for k Maximum Sums},
  journal = {Algorithmica},
  volume  = {46},
  number  = {1},
  pages   = {27--41},
  year    = {2006}
}

@article{journals/tcs/ChengCTC06,
  author  = {Chih{-}Huai Cheng and
               Kuan{-}Yu Chen and
               Wen{-}Chin Tien and
               Kun{-}Mao Chao},
  title   = {Improved algorithms for the \emph{k} maximum-sums problems},
  journal = {Theor. Comput. Sci.},
  volume  = {362},
  number  = {1-3},
  pages   = {162--170},
  year    = {2006}
}

@misc{GouldQ10,
  author       = {Gould H.W. and J. Quaintance},
  title        = {Combinatorial Identities: Table I: Intermediate techniques for summing finite series},
  journal      = {From the seven unpublished manuscripts of H.W. Gould},
  howpublished = {\url{http://www.math.wvu.edu/\~gould/Vol.4.PDF}},
  year         = {2010}
}

@article{journals/asa/Savage51,
  author    = {Savage, L. J.},
  journal   = {Journal of the American Statistical Association},
  number    = {253},
  pages     = {55--67},
  publisher = {American Statistical Association},
  title     = {{The Theory of Statistical Decision}},
  volume    = {46},
  year      = {1951}
}

@book{book/MezardM09,
  author    = {Mezard, Marc and Montanari, Andrea},
  title     = {Information, Physics, and Computation},
  year      = {2009},
  isbn      = {019857083X, 9780198570837},
  publisher = {Oxford University Press, Inc.},
  address   = {New York, NY, USA}
}

@article{journals/transci/Bar-Gera02,
  author  = {Hillel Bar{-}Gera},
  title   = {Origin-Based Algorithm for the Traffic Assignment Problem},
  journal = {Transportation Science},
  volume  = {36},
  number  = {4},
  pages   = {398--417},
  year    = {2002}
}

@article{journals/naval/AnejaN78,
  author    = {Aneja, Y. P. and Nair, K. P. K.},
  title     = {The constrained shortest path problem},
  journal   = {Naval Research Logistics Quarterly},
  year      = {1978},
  volume    = {25},
  pages     = {549--555},
  number    = {3},
  doi       = {10.1002/nav.3800250314},
  issn      = {1931-9193},
  publisher = {Wiley Subscription Services, Inc., A Wiley Company},
  url       = {http://dx.doi.org/10.1002/nav.3800250314}
}

@article{journals/cor/AggarwalAN82,
  author  = {V. Aggarwal and Y. Aneja and K. Nair},
  title   = {Minimal spanning tree subject to a side constraint},
  journal = {Computers and Operations Research},
  year    = {1982},
  volume  = {9},
  pages   = {287--296},
  issue   = {4}
}

@article{KleywegtSH02,
  author  = {A. J. Kleywegt and
               A. Shapiro and
               T. Homem{-}de{-}Mello},
  title   = {The Sample Average Approximation Method for Stochastic Discrete Optimization},
  journal = {{SIAM} Journal on Optimization},
  volume  = {12},
  number  = {2},
  pages   = {479--502},
  year    = {2002}
}

@misc{misc/TTP,
  author       = {Bar-Gera, Hillel},
  title        = {Transportation Test Problems},
  howpublished = {\url{http://www.bgu.ac.il/$\sim$bargera/tntp/}, \url{https://github.com/bstabler/TransportationNetworks}}
}

@misc{misc/NOAA,
  author       = {NOAA},
  title        = {Historical weather data},
  howpublished = {\url{http://www.nws.noaa.gov/tg/siteloc.shtml}}
}

@misc{misc/MarketRates,
  title        = {Market Rates Online},
  howpublished = {\url{http://www.marketratesonline.com}}
}

@misc{misc/power,
  author       = {DukeEnergy},
  title        = {Historical power load data},
  howpublished = {\url{http://www.ferc.duke-energy.com/Load/Load.htm}}
}

@incollection{series/lncs/GoerigkS16,
  author    = {Marc Goerigk and
               Anita Sch{\"{o}}bel},
  title     = {Algorithm Engineering in Robust Optimization},
  booktitle = {Algorithm Engineering - Selected Results and Surveys},
  pages     = {245--279},
  year      = {2016}
}

@inproceedings{gronskiy14,
  author    = {Alexey Gronskiy and
               Joachim M. Buhmann},
  title     = {How informative are Minimum Spanning Tree algorithms?},
  booktitle = {2014 {IEEE} International Symposium on Information Theory, Honolulu,
               HI, USA, June 29 - July 4, 2014},
  pages     = {2277--2281},
  year      = {2014}
}

@inproceedings{conf/aaim/GeissmannS14,
  author    = {Barbara Geissmann and
               Rastislav Sr{\'{a}}mek},
  title     = {Finding Robust Minimum Cuts},
  booktitle = {Algorithmic Aspects in Information and Management - 10th International
               Conference, {AAIM} 2014, Vancouver, BC, Canada, July 8-11, 2014. Proceedings},
  pages     = {124--136},
  year      = {2014}
}

@article{journals/jacm/KargerS96,
  author  = {David R. Karger and Clifford Stein},
  title   = {A New Approach to the Minimum Cut Problem},
  journal = {J. {ACM}},
  volume  = {43},
  number  = {4},
  pages   = {601--640},
  year    = {1996}
}

@inproceedings{conf/atmos/BohmovaMPSW13,
  author    = {Katerina B{\"{o}}hmov{\'{a}} and
               Mat{\'{u}}s Mihal{\'{a}}k and
               Tobias Pr{\"{o}}ger and
               Rastislav Sr{\'{a}}mek and
               Peter Widmayer},
  title     = {Robust Routing in Urban Public Transportation: How to Find Reliable
               Journeys Based on Past Observations},
  booktitle = {13th Workshop on Algorithmic Approaches for Transportation Modelling,
               Optimization, and Systems, {ATMOS} 2013, September 5, 2013, Sophia
               Antipolis, France},
  pages     = {27--41},
  year      = {2013}
}

@inproceedings{conf/atmos/BohmovaMNPW15,
  author    = {Katerina B{\"{o}}hmov{\'{a}} and
               Mat{\'{u}}s Mihal{\'{a}}k and
               Peggy Neubert and
               Tobias Pr{\"{o}}ger and
               Peter Widmayer},
  title     = {Robust Routing in Urban Public Transportation: Evaluating Strategies
               that Learn From the Past},
  booktitle = {15th Workshop on Algorithmic Approaches for Transportation Modelling,
               Optimization, and Systems, {ATMOS} 2015, September 17, 2015, Patras,
               Greece},
  pages     = {68--81},
  year      = {2015}
}

@book{Laplace1812,
  author    = {Laplace, {Pierre-Simon}},
  title     = {Th{\'{e}}orie analytique des probabilit{\'{e}}s},
  publisher = {Mme Ve Courcier, Paris},
  year      = 1812
}

@article{journals/mst/MihalakSW16,
  author  = {Mat{\'{u}}s Mihal{\'{a}}k and
               Rastislav Sr{\'{a}}mek and
               Peter Widmayer},
  title   = {Approximately Counting Approximately-Shortest Paths in Directed Acyclic
               Graphs},
  journal = {Theory Comput. Syst.},
  volume  = {58},
  number  = {1},
  pages   = {45--59},
  year    = {2016}
}

@inproceedings{conf/atmos/MihalakM15,
  author    = {Mat{\'{u}}s Mihal{\'{a}}k and
               Sandro Montanari},
  title     = {Bi-directional Search for Robust Routes in Time-dependent Bi-criteria
               Road Networks},
  booktitle = {15th Workshop on Algorithmic Approaches for Transportation Modelling,
               Optimization, and Systems, {ATMOS} 2015, September 17, 2015, Patras,
               Greece},
  pages     = {82--94},
  year      = {2015}
}

@article{journals/ior/BertsimasS04,
  author  = {Dimitris Bertsimas and
               Melvyn Sim},
  title   = {The Price of Robustness},
  journal = {Operations Research},
  volume  = {52},
  number  = {1},
  pages   = {35--53},
  year    = {2004}
}

@article{journals/mmor/Schobel14,
  author  = {Anita Sch{\"{o}}bel},
  title   = {Generalized light robustness and the trade-off between robustness
               and nominal quality},
  journal = {Math. Meth. of {OR}},
  volume  = {80},
  number  = {2},
  pages   = {161--191},
  year    = {2014}
}

@article{prim57,
  author  = {Prim, R. C.},
  journal = {Bell System Technology Journal},
  pages   = {1389--1401},
  title   = {{Shortest connection networks and some generalizations}},
  volume  = {36},
  year    = {1957}
}

@article{jcss:2017,
  author  = {J.M. Buhmann and A.Y. Gronskiy and M. Mihalák and T. Pröger
    and R. Šrámek and P. Widmayer},
  title   = {Robust optimization in the presence of uncertainty: A generic approach},
  journal = {Journal of Computer and System Sciences},
  year    = {2017}
}

@article{shannon:1948,
  author  = {Shannon, Claude E.},
  journal = {Bell system technical journal},
  title   = {{A mathematical theory of communication}},
  volume  = 27,
  year    = 1948
}

@book{shannon:1963,
  author    = {Shannon, Claude E. and Weaver, Warren},
  title     = {A Mathematical Theory of Communication},
  year      = {1963},
  publisher = {University of Illinois Press},
  address   = {Champaign, IL, USA}
}

@book{Bishop:2006,
  author    = {Bishop, Christopher M.},
  title     = {Pattern Recognition and Machine Learning (Information Science and Statistics)},
  year      = {2006},
  publisher = {Springer-Verlag New York}
}

@book{Shalev-Shwartz:2014,
  author    = {Shalev-Shwartz, Shai and Ben-David, Shai},
  title     = {Understanding Machine Learning: From Theory to Algorithms},
  year      = {2014},
  publisher = {Cambridge University Press},
  address   = {New York, NY, USA}
}

@article{Devroye79,
  author  = {L. Devroye and T. Wagner},
  journal = {IEEE Transactions on Information Theory},
  title   = {Distribution-free performance bounds for potential function rules},
  year    = {1979},
  volume  = {25},
  number  = {5},
  pages   = {601-604}
}

@article{Bousquet:2002,
  author  = {Bousquet, Olivier and Elisseeff, Andr{\'e}},
  title   = {Stability and Generalization},
  journal = {J. Mach. Learn. Res.},
  volume  = {2},
  year    = {2002},
  pages   = {499--526}
}

@article{RaginskyS15,
  author  = {Maxim Raginsky and
               Igal Sason},
  title   = {Concentration of Measure Inequalities and Their Communication and
               Information-Theoretic Applications},
  journal = {CoRR},
  year    = {2015},
  url     = {http://arxiv.org/abs/1510.02947}
}

@article{Russo15,
  author  = {{Russo}, D. and {Zou}, J.},
  title   = {{How much does your data exploration overfit? Controlling bias via information usage}},
  journal = {ArXiv e-prints},
  eprint  = {1511.05219},
  year    = 2015,
  url     = {https://arxiv.org/abs/1511.05219}
}

@inproceedings{Xu17,
  author    = {Aolin Xu and
               Maxim Raginsky},
  title     = {Information-theoretic analysis of generalization capability of learning
               algorithms},
  booktitle = {Advances in Neural Information Processing Systems 30: Annual Conference
               on Neural Information Processing Systems 2017, 4-9 December 2017,
               Long Beach, CA, {USA}},
  pages     = {2521--2530},
  year      = {2017}
}

@inproceedings{Alabdulmohsin:2015,
  author    = {Alabdulmohsin, Ibrahim},
  title     = {Algorithmic Stability and Uniform Generalization},
  booktitle = {Proceedings of the 28th International Conference on Neural Information Processing Systems - Volume 1},
  series    = {NIPS'15},
  year      = {2015},
  location  = {Montreal, Canada},
  pages     = {19--27}
}

@article{Rissanen:1978,
  author  = {Rissanen, J.},
  title   = {Paper: Modeling by Shortest Data Description},
  journal = {Automatica},
  volume  = {14},
  number  = {5},
  year    = {1978},
  pages   = {465--471}
}

@book{Konishi:2007,
  author    = {Konishi, Sadanori and Kitagawa, Genshiro},
  title     = {Information Criteria and Statistical Modeling},
  year      = {2007},
  publisher = {Springer Publishing Company, Incorporated}
}

@inbook{Aigner2010,
  author    = {Aigner, Martin and Ziegler, G{\"u}nter M.},
  title     = {Cayley's formula for the number of trees},
  booktitle = {Proofs from THE BOOK},
  year      = {2010},
  publisher = {Springer Berlin Heidelberg},
  address   = {Berlin, Heidelberg},
  pages     = {201--206}
}

@book{bovier2012statistical,
  title     = {Statistical Mechanics of Disordered Systems: A Mathematical Perspective},
  author    = {Bovier, A.},
  series    = {Cambridge Series in Statistical and Probabilistic Mathematics},
  year      = {2012},
  publisher = {Cambridge University Press}
}

@book{garey79,
  author    = {Garey, Michael R. and Johnson, David S.},
  title     = {Computers and Intractability: A Guide to the Theory of NP-Completeness},
  year      = {1979},
  isbn      = {0716710447},
  publisher = {W. H. Freeman \& Co.},
  address   = {New York, NY, USA}
}

@book{shiryaev95,
  author    = {Shiryaev, Albert Nikolaevich},
  title     = {Probability (2Nd Ed.)},
  year      = {1995},
  isbn      = {0-387-94549-0},
  publisher = {Springer-Verlag New York, Inc.},
  address   = {Secaucus, NJ, USA}
}

@article{ising25,
  author  = {{Ising}, E.},
  title   = {{Beitrag zur Theorie des Ferromagnetismus}},
  journal = {Zeitschrift fur Physik},
  year    = 1925,
  volume  = 31,
  pages   = {253-258}
}

@inproceedings{chapelle01,
  title     = {Vicinal Risk Minimization},
  author    = {Chapelle, O. and Weston, J. and Bottou, L. and Vapnik, V.},
  journal   = {Advances in Neural Information Processing Systems},
  booktitle = {Advances in Neural Information Processing Systems 13},
  pages     = {416-422},
  editors   = {Leen, T.K. , T.G. Dietterich, V. Tresp},
  publisher = {MIT Press},
  year      = {2001}
}

@inproceedings{analco17,
  author    = {Joachim M. Buhmann and
               Julien Dumazert and
               Alexey Gronskiy and
               Wojciech Szpankowski},
  title     = {Phase Transitions in Parameter Rich Optimization Problems},
  booktitle = {Proceedings of the Fourteenth Workshop on Analytic Algorithmics and
               Combinatorics, {ANALCO} 2017, Barcelona, Spain, 2017.},
  pages     = {148--155},
  year      = {2017}
}

@inproceedings{bian16,
  author    = {Yatao Bian and
               Alexey Gronskiy and
               Joachim M. Buhmann},
  title     = {Information-theoretic analysis of MaxCut algorithms},
  booktitle = {2016 Information Theory and Applications Workshop, (ITW), 2016},
  pages     = {1--5},
  year      = {2016}
}
